@INPROCEEDINGS{weinberger04,
  author = {K.Q. Weinberger and F. Sha and L. K. Saul},
  title = {Learning a kernel matrix for nonlinear dimensionality reduction},
  booktitle = {Proceedings of the Twenty First International Conference on Machine Learning (ICML-04)},
  year = {2004},
  pages = {839--846}
}


@INBOOK{saul06,
  author = {L.K. Saul, K.Q. Weinberger, J. H. Ham, F. Sha, and D. D. Lee},
  chapter = {16},
  pages = {293--30},
  title = {Spectral methods for dimensionality reduction},
  publisher = {{MIT} Press},
  year = {2006},
  editor = {O. Chapelle and B. Sch{\"o}lkopf and A. Zien},
  booktitle = {Semi-Supervised Learning}
}

@INBOOK{SeDuMi,
  author = {I. Polik},
  chapter = {2},
  pages = {1--2},
  title = {Addendum to the SeDuMi User Guide Version 1.1},
  publisher = {},
  year = {Cited 18-01-2015},
  editor = {},
  booktitle = {}
}

@INBOOK{Murphy,
  author = {K. P. Murphy},
  chapter = {10},
  pages = {310--311},
  title = {Machine Learning: A Probabilistic Perspective},
  publisher = {{MIT} Press},
  year = {2012},
  editor = {Thomas Dietterich},
  booktitle = {Machine Learning: A Probabilistic Perspective},
}

@INBOOK{Murphy2,
  author = {K. P. Murphy},
  chapter = {12},
  pages = {389--397},
  title = {Machine Learning: A Probabilistic Perspective},
  publisher = {{MIT} Press},
  year = {2012},
  editor = {Thomas Dietterich},
  booktitle = {Machine Learning: A Probabilistic Perspective},
}


@INBOOK{Murphy3,
  author = {K. P. Murphy},
  chapter = {14},
  pages = {495--498},
  title = {Machine Learning: A Probabilistic Perspective},
  publisher = {{MIT} Press},
  year = {2012},
  editor = {Thomas Dietterich},
  booktitle = {Machine Learning: A Probabilistic Perspective},
}

@INBOOK{Williams,
  author = {C. K.I. Williams},
  title = {On a Connection between Kernel PCA
and Metric Multidimensional Scaling},
  booktitle = {},
  publisher = {Machine Learning, 46, Kluwer Academic Publishers},
  year = {2002},
  pages = {11-19},
  
}
@article {mercer,
	author = {Mercer, J.},
	title = {Functions of Positive and Negative Type, and their Connection with the Theory of Integral Equations},
	volume = {209},
	number = {441-458},
	pages = {415--446},
	year = {1909},
	doi = {10.1098/rsta.1909.0016},
	publisher = {The Royal Society},
	issn = {0264-3952},
	journal = {Philosophical Transactions of the Royal Society of London A: Mathematical, Physical and Engineering Sciences}
}
